<?xml version="1.0" encoding="UTF-8" ?>
<OAI-PMH xmlns="http://www.openarchives.org/OAI/2.0/" 
	xmlns:xsi="http://www.w3.org/2001/XMLSchema-instance" 
	xsi:schemaLocation="http://www.openarchives.org/OAI/2.0/ http://www.openarchives.org/OAI/2.0/OAI-PMH.xsd">
	<responseDate>2012-02-13T20:23:56Z</responseDate>
	<request verb="ListRecords" metadataPrefix="marc21">http://localhost:8080/OAIToolkit/oai-request.do</request>

<ListRecords><record><header><identifier>oai:library.rochester.edu:URVoyager1/0</identifier><datestamp>2012-02-13T20:21:57Z</datestamp><setSpec>hold</setSpec></header><metadata>
  <marc:record xmlns:marc="http://www.loc.gov/MARC21/slim"  xmlns:xsi="http://www.w3.org/2001/XMLSchema-instance" xsi:schemaLocation="http://www.loc.gov/MARC21/slim http://localhost:8080/OAIToolkit/schema/MARC21slim_custom.xsd">
    <marc:leader>00203cx  a22000973  4500</marc:leader>
    <marc:controlfield tag="001">140116</marc:controlfield>
    <marc:controlfield tag="003">NRU</marc:controlfield>
    <marc:controlfield tag="004">115574</marc:controlfield>
    <marc:controlfield tag="004">115575</marc:controlfield>
    <marc:controlfield tag="005">19961209124035.0</marc:controlfield>
    <marc:controlfield tag="008">9612090u    0   4001uu   0000000</marc:controlfield>
    <marc:datafield tag="014" ind1="1" ind2=" ">
      <marc:subfield code="a">115576</marc:subfield>
    </marc:datafield>
    <marc:datafield tag="014" ind1="1" ind2=" ">
      <marc:subfield code="a">115577</marc:subfield>
    </marc:datafield>
    <marc:datafield tag="852" ind1="0" ind2=" ">
      <marc:subfield code="b">RheesStack</marc:subfield>
      <marc:subfield code="h">DC36.9 .C37</marc:subfield>
    </marc:datafield>
  </marc:record>
</metadata></record><record><header><identifier>oai:library.rochester.edu:URVoyager1/1</identifier><datestamp>2012-02-13T20:21:57Z</datestamp><setSpec>bib</setSpec></header><metadata>
  <marc:record xmlns:marc="http://www.loc.gov/MARC21/slim"  xmlns:xsi="http://www.w3.org/2001/XMLSchema-instance" xsi:schemaLocation="http://www.loc.gov/MARC21/slim http://localhost:8080/OAIToolkit/schema/MARC21slim_custom.xsd">
    <marc:leader>00577cas a2200229K  4500</marc:leader>
    <marc:controlfield tag="001">115574</marc:controlfield>
    <marc:controlfield tag="003">NRU</marc:controlfield>
    <marc:controlfield tag="005">20030805183123.0</marc:controlfield>
    <marc:controlfield tag="008">900530u19uuuuuune uu m r     0   a0ger d</marc:controlfield>
    <marc:datafield tag="022" ind1=" " ind2=" ">
      <marc:subfield code="a">0523-4778</marc:subfield>
    </marc:datafield>
    <marc:datafield tag="035" ind1=" " ind2=" ">
      <marc:subfield code="a">(OCoLC)ocm07651615</marc:subfield>
    </marc:datafield>
    <marc:datafield tag="035" ind1=" " ind2=" ">
      <marc:subfield code="9">AOA-9061</marc:subfield>
    </marc:datafield>
    <marc:datafield tag="035" ind1=" " ind2=" ">
      <marc:subfield code="9">UC 08074139</marc:subfield>
    </marc:datafield>
    <marc:datafield tag="040" ind1=" " ind2=" ">
      <marc:subfield code="a">MUU</marc:subfield>
      <marc:subfield code="c">MUU</marc:subfield>
      <marc:subfield code="d">UIU</marc:subfield>
    </marc:datafield>
    <marc:datafield tag="049" ind1=" " ind2=" ">
      <marc:subfield code="a">UIUU</marc:subfield>
    </marc:datafield>
    <marc:datafield tag="245" ind1="0" ind2="0">
      <marc:subfield code="a">Bibliotheca organologica.</marc:subfield>
    </marc:datafield>
    <marc:datafield tag="260" ind1=" " ind2=" ">
      <marc:subfield code="a">Amsterdam [etc.] :</marc:subfield>
      <marc:subfield code="b">Uitgeverij Frits Knaf.</marc:subfield>
    </marc:datafield>
    <marc:datafield tag="300" ind1=" " ind2=" ">
      <marc:subfield code="a">v.</marc:subfield>
      <marc:subfield code="b">ill.</marc:subfield>
    </marc:datafield>
    <marc:datafield tag="500" ind1=" " ind2=" ">
      <marc:subfield code="a">"Facsimiles of rare books on organ and organbuilding."</marc:subfield>
    </marc:datafield>
    <marc:datafield tag="910" ind1=" " ind2=" ">
      <marc:subfield code="a">rcp3356</marc:subfield>
    </marc:datafield>
    <marc:datafield tag="910" ind1=" " ind2=" ">
      <marc:subfield code="a">MARS</marc:subfield>
    </marc:datafield>
    <marc:datafield tag="994" ind1=" " ind2=" ">
      <marc:subfield code="a">02</marc:subfield>
      <marc:subfield code="b">UIU</marc:subfield>
    </marc:datafield>
  </marc:record>
</metadata></record>