<record><header><identifier>oai:library.rochester.edu:URVoyager1/2</identifier><datestamp>2012-02-13T20:21:57Z</datestamp><setSpec>bib</setSpec></header><metadata>
  <marc:record xmlns:marc="http://www.loc.gov/MARC21/slim"  xmlns:xsi="http://www.w3.org/2001/XMLSchema-instance" xsi:schemaLocation="http://www.loc.gov/MARC21/slim http://localhost:8080/OAIToolkit/schema/MARC21slim_custom.xsd">
    <marc:leader>01362nam a22003250  4500</marc:leader>
    <marc:controlfield tag="001">115575</marc:controlfield>
    <marc:controlfield tag="003">NRU</marc:controlfield>
    <marc:controlfield tag="008">730330 1971                        eng u</marc:controlfield>
    <marc:datafield tag="010" ind1=" " ind2=" ">
      <marc:subfield code="a">   75593394 </marc:subfield>
    </marc:datafield>
    <marc:datafield tag="035" ind1=" " ind2=" ">
      <marc:subfield code="b">ocl</marc:subfield>
      <marc:subfield code="a">00593519</marc:subfield>
    </marc:datafield>
    <marc:datafield tag="035" ind1=" " ind2=" ">
      <marc:subfield code="9">00007888</marc:subfield>
    </marc:datafield>
    <marc:datafield tag="040" ind1=" " ind2=" ">
      <marc:subfield code="c">DXU</marc:subfield>
      <marc:subfield code="d">RRR</marc:subfield>
    </marc:datafield>
    <marc:datafield tag="049" ind1=" " ind2=" ">
      <marc:subfield code="a">RRRM</marc:subfield>
    </marc:datafield>
    <marc:datafield tag="090" ind1=" " ind2=" ">
      <marc:subfield code="a">QA613.6</marc:subfield>
      <marc:subfield code="b">.K8</marc:subfield>
    </marc:datafield>
    <marc:datafield tag="099" ind1=" " ind2=" ">
      <marc:subfield code="a">QA613.6 .K8</marc:subfield>
    </marc:datafield>
    <marc:datafield tag="100" ind1="1" ind2=" ">
      <marc:subfield code="a">Kuiper, Nicolaas H.</marc:subfield>
      <marc:subfield code="q">(Nicolaas Hendrik)</marc:subfield>
    </marc:datafield>
    <marc:datafield tag="245" ind1="1" ind2="0">
      <marc:subfield code="a">Variétés hilbertiennes;</marc:subfield>
      <marc:subfield code="b">aspects géométriques,</marc:subfield>
      <marc:subfield code="c">par Nicolaas H. Kuiper, suivi de deux textes de Dan Burghelea.</marc:subfield>
    </marc:datafield>
    <marc:datafield tag="260" ind1=" " ind2=" ">
      <marc:subfield code="a">Montréal,</marc:subfield>
      <marc:subfield code="b">Les Presses de l'Université de Montréal,</marc:subfield>
      <marc:subfield code="c">1971 [i. e. 1973]</marc:subfield>
    </marc:datafield>
    <marc:datafield tag="300" ind1=" " ind2=" ">
      <marc:subfield code="a">154 p.</marc:subfield>
      <marc:subfield code="b">illus.</marc:subfield>
      <marc:subfield code="c">28 cm.</marc:subfield>
    </marc:datafield>
    <marc:datafield tag="490" ind1="1" ind2=" ">
      <marc:subfield code="a">Séminaire de mathématiques supérieures,</marc:subfield>
      <marc:subfield code="v">38</marc:subfield>
    </marc:datafield>
    <marc:datafield tag="500" ind1=" " ind2=" ">
      <marc:subfield code="a">At head of title: Université de Montréal. Département de mathématiques.</marc:subfield>
    </marc:datafield>
    <marc:datafield tag="504" ind1=" " ind2=" ">
      <marc:subfield code="a">Includes bibliographies.</marc:subfield>
    </marc:datafield>
    <marc:datafield tag="505" ind1="0" ind2=" ">
      <marc:subfield code="a">Variétés hilbertiennes; aspects géométriques, par N.H. Kuiper.--Imbedding Hilbert manifolds with given normal bundle, by D. Burghelea.--Diffeomorphisms for Hilbert manifold and handle decomposition, by D. Burghelea.</marc:subfield>
    </marc:datafield>
    <marc:datafield tag="650" ind1=" " ind2="0">
      <marc:subfield code="a">Differential topology.</marc:subfield>
    </marc:datafield>
    <marc:datafield tag="650" ind1=" " ind2="0">
      <marc:subfield code="a">Hilbert space.</marc:subfield>
    </marc:datafield>
    <marc:datafield tag="650" ind1=" " ind2="0">
      <marc:subfield code="a">Banach spaces.</marc:subfield>
    </marc:datafield>
    <marc:datafield tag="700" ind1="1" ind2=" ">
      <marc:subfield code="a">Burghelea, Dan.</marc:subfield>
    </marc:datafield>
    <marc:datafield tag="830" ind1=" " ind2="0">
      <marc:subfield code="a">Séminaire de mathématiques supérieures ;</marc:subfield>
      <marc:subfield code="v">38</marc:subfield>
    </marc:datafield>
    <marc:datafield tag="910" ind1=" " ind2=" ">
      <marc:subfield code="a">  961028        </marc:subfield>
    </marc:datafield>
    <marc:datafield tag="911" ind1=" " ind2=" ">
      <marc:subfield code="a">p</marc:subfield>
    </marc:datafield>
    <marc:datafield tag="966" ind1=" " ind2=" ">
      <marc:subfield code="l">Cstack</marc:subfield>
      <marc:subfield code="m">MSMON </marc:subfield>
      <marc:subfield code="s">QA613.6 .K8</marc:subfield>
      <marc:subfield code="b">39087000821126</marc:subfield>
    </marc:datafield>
  </marc:record>
</metadata></record>