<record><header><identifier>oai:library.rochester.edu:URVoyager1/3</identifier><datestamp>2012-02-13T20:21:57Z</datestamp><setSpec>bib</setSpec></header><metadata>
  <marc:record xmlns:marc="http://www.loc.gov/MARC21/slim"  xmlns:xsi="http://www.w3.org/2001/XMLSchema-instance" xsi:schemaLocation="http://www.loc.gov/MARC21/slim http://localhost:8080/OAIToolkit/schema/MARC21slim_custom.xsd">
    <marc:leader>00919cam a22002770  4500</marc:leader>
    <marc:controlfield tag="001">115576</marc:controlfield>
    <marc:controlfield tag="003">NRU</marc:controlfield>
    <marc:controlfield tag="005">20100817205237.0</marc:controlfield>
    <marc:controlfield tag="008">770617s1977    dcu      b   f001 0 eng  </marc:controlfield>
    <marc:datafield tag="010" ind1=" " ind2=" ">
      <marc:subfield code="a">   77601917 </marc:subfield>
    </marc:datafield>
    <marc:datafield tag="035" ind1=" " ind2=" ">
      <marc:subfield code="b">ocl</marc:subfield>
      <marc:subfield code="a">03119758</marc:subfield>
    </marc:datafield>
    <marc:datafield tag="035" ind1=" " ind2=" ">
      <marc:subfield code="9">00007889</marc:subfield>
    </marc:datafield>
    <marc:datafield tag="040" ind1=" " ind2=" ">
      <marc:subfield code="a">DLC</marc:subfield>
      <marc:subfield code="c">DLC</marc:subfield>
      <marc:subfield code="d">RRR</marc:subfield>
    </marc:datafield>
    <marc:datafield tag="043" ind1=" " ind2=" ">
      <marc:subfield code="a">n-us---</marc:subfield>
    </marc:datafield>
    <marc:datafield tag="049" ind1=" " ind2=" ">
      <marc:subfield code="a">RRRR</marc:subfield>
    </marc:datafield>
    <marc:datafield tag="050" ind1="0" ind2=" ">
      <marc:subfield code="a">LC3731</marc:subfield>
      <marc:subfield code="b">.W444</marc:subfield>
    </marc:datafield>
    <marc:datafield tag="099" ind1=" " ind2=" ">
      <marc:subfield code="a">LC3731 .W444</marc:subfield>
    </marc:datafield>
    <marc:datafield tag="100" ind1="1" ind2=" ">
      <marc:subfield code="a">Weinberg, Meyer,</marc:subfield>
      <marc:subfield code="d">1920-2002.</marc:subfield>
    </marc:datafield>
    <marc:datafield tag="245" ind1="1" ind2="0">
      <marc:subfield code="a">Minority students :</marc:subfield>
      <marc:subfield code="b">a research appraisal /</marc:subfield>
      <marc:subfield code="c">Meyer Weinberg.</marc:subfield>
    </marc:datafield>
    <marc:datafield tag="260" ind1=" " ind2=" ">
      <marc:subfield code="a">Washington :</marc:subfield>
      <marc:subfield code="b">U.S. Dept. of Health, Education, and Welfare, National Institute of Education : for sale by the Supt. of Docs., U.S. Govt. Print. Off.,</marc:subfield>
      <marc:subfield code="c">1977.</marc:subfield>
    </marc:datafield>
    <marc:datafield tag="300" ind1=" " ind2=" ">
      <marc:subfield code="a">vi, 398 p. ;</marc:subfield>
      <marc:subfield code="c">26 cm.</marc:subfield>
    </marc:datafield>
    <marc:datafield tag="500" ind1=" " ind2=" ">
      <marc:subfield code="a">Includes indexes.</marc:subfield>
    </marc:datafield>
    <marc:datafield tag="504" ind1=" " ind2=" ">
      <marc:subfield code="a">Bibliography: p. 333-379.</marc:subfield>
    </marc:datafield>
    <marc:datafield tag="650" ind1=" " ind2="0">
      <marc:subfield code="a">Minorities</marc:subfield>
      <marc:subfield code="x">Education</marc:subfield>
      <marc:subfield code="z">United States.</marc:subfield>
    </marc:datafield>
    <marc:datafield tag="910" ind1=" " ind2=" ">
      <marc:subfield code="a">  950805        </marc:subfield>
    </marc:datafield>
    <marc:datafield tag="911" ind1=" " ind2=" ">
      <marc:subfield code="a">p</marc:subfield>
    </marc:datafield>
    <marc:datafield tag="966" ind1=" " ind2=" ">
      <marc:subfield code="l">Stack </marc:subfield>
      <marc:subfield code="m">RMON  </marc:subfield>
      <marc:subfield code="s">LC3731 .W444</marc:subfield>
      <marc:subfield code="b">39087007825104</marc:subfield>
    </marc:datafield>
  </marc:record>
</metadata></record>