<record><header><identifier>oai:library.rochester.edu:URVoyager1/4</identifier><datestamp>2012-02-13T20:21:57Z</datestamp><setSpec>bib</setSpec></header><metadata>
  <marc:record xmlns:marc="http://www.loc.gov/MARC21/slim"  xmlns:xsi="http://www.w3.org/2001/XMLSchema-instance" xsi:schemaLocation="http://www.loc.gov/MARC21/slim http://localhost:8080/OAIToolkit/schema/MARC21slim_custom.xsd">
    <marc:leader>00927cam a22002898  4500</marc:leader>
    <marc:controlfield tag="001">115577</marc:controlfield>
    <marc:controlfield tag="003">NRU</marc:controlfield>
    <marc:controlfield tag="005">20091002102755.0</marc:controlfield>
    <marc:controlfield tag="008">761228s1977    nyu           000 0 eng  </marc:controlfield>
    <marc:datafield tag="010" ind1=" " ind2=" ">
      <marc:subfield code="a">   76055133 </marc:subfield>
    </marc:datafield>
    <marc:datafield tag="020" ind1=" " ind2=" ">
      <marc:subfield code="a">0807608424 :</marc:subfield>
      <marc:subfield code="c">$6.95.</marc:subfield>
    </marc:datafield>
    <marc:datafield tag="020" ind1=" " ind2=" ">
      <marc:subfield code="a">0807608432 (pbk.) :</marc:subfield>
      <marc:subfield code="c">$3.95</marc:subfield>
    </marc:datafield>
    <marc:datafield tag="035" ind1=" " ind2=" ">
      <marc:subfield code="a">02695005</marc:subfield>
      <marc:subfield code="b">ocl</marc:subfield>
    </marc:datafield>
    <marc:datafield tag="035" ind1=" " ind2=" ">
      <marc:subfield code="9">00007890</marc:subfield>
    </marc:datafield>
    <marc:datafield tag="040" ind1=" " ind2=" ">
      <marc:subfield code="a">DLC</marc:subfield>
      <marc:subfield code="c">DLC</marc:subfield>
      <marc:subfield code="d">RRR</marc:subfield>
    </marc:datafield>
    <marc:datafield tag="049" ind1=" " ind2=" ">
      <marc:subfield code="a">RRRR</marc:subfield>
    </marc:datafield>
    <marc:datafield tag="050" ind1="0" ind2=" ">
      <marc:subfield code="a">PS3569.I4725</marc:subfield>
      <marc:subfield code="b">C5</marc:subfield>
    </marc:datafield>
    <marc:datafield tag="090" ind1=" " ind2=" ">
      <marc:subfield code="a">PS3569</marc:subfield>
      <marc:subfield code="b">.S583c</marc:subfield>
    </marc:datafield>
    <marc:datafield tag="099" ind1=" " ind2=" ">
      <marc:subfield code="a">PS3569 .S583c</marc:subfield>
    </marc:datafield>
    <marc:datafield tag="100" ind1="1" ind2=" ">
      <marc:subfield code="a">Simic, Charles,</marc:subfield>
      <marc:subfield code="d">1938-</marc:subfield>
    </marc:datafield>
    <marc:datafield tag="245" ind1="1" ind2="0">
      <marc:subfield code="a">Charon's cosmology /</marc:subfield>
      <marc:subfield code="c">by Charles Simic.</marc:subfield>
    </marc:datafield>
    <marc:datafield tag="260" ind1=" " ind2=" ">
      <marc:subfield code="a">New York :</marc:subfield>
      <marc:subfield code="b">G. Braziller,</marc:subfield>
      <marc:subfield code="c">[1977]</marc:subfield>
    </marc:datafield>
    <marc:datafield tag="300" ind1=" " ind2=" ">
      <marc:subfield code="a">viii, 47 p. ;</marc:subfield>
      <marc:subfield code="c">23 cm.</marc:subfield>
    </marc:datafield>
    <marc:datafield tag="490" ind1="1" ind2=" ">
      <marc:subfield code="a">The Braziller series of poetry</marc:subfield>
    </marc:datafield>
    <marc:datafield tag="590" ind1=" " ind2=" ">
      <marc:subfield code="a">Rhees Rare Bks. copy: The William and Hannelore Heyen Collection.</marc:subfield>
    </marc:datafield>
    <marc:datafield tag="590" ind1=" " ind2=" ">
      <marc:subfield code="a">Rhees Rare Bks. copy inscribed to Bill Heyen by the author.</marc:subfield>
    </marc:datafield>
    <marc:datafield tag="830" ind1=" " ind2="0">
      <marc:subfield code="a">Braziller series of poetry.</marc:subfield>
    </marc:datafield>
    <marc:datafield tag="966" ind1=" " ind2=" ">
      <marc:subfield code="l">Stack</marc:subfield>
      <marc:subfield code="m">RMON</marc:subfield>
      <marc:subfield code="s">PS3569 .S583c</marc:subfield>
      <marc:subfield code="b">39087005768231</marc:subfield>
    </marc:datafield>
  </marc:record>
</metadata></record></ListRecords>
</OAI-PMH>